%YAML 1.1
%TAG !u! tag:unity3d.com,2011:
--- !u!1001 &100100000
Prefab:
  m_ObjectHideFlags: 1
  serializedVersion: 2
  m_Modification:
    m_TransformParent: {fileID: 0}
    m_Modifications: []
    m_RemovedComponents: []
  m_ParentPrefab: {fileID: 0}
  m_RootGameObject: {fileID: 1957226493764272}
  m_IsPrefabParent: 1
--- !u!1 &1957226493764272
GameObject:
  m_ObjectHideFlags: 0
  m_PrefabParentObject: {fileID: 0}
  m_PrefabInternal: {fileID: 100100000}
  serializedVersion: 5
  m_Component:
  - component: {fileID: 4388341554903330}
  - component: {fileID: 33711978603503036}
  - component: {fileID: 23699183258910078}
  - component: {fileID: 114419196732765440}
  m_Layer: 0
  m_Name: MovingBlock
  m_TagString: Untagged
  m_Icon: {fileID: 0}
  m_NavMeshLayer: 0
  m_StaticEditorFlags: 0
  m_IsActive: 1
--- !u!4 &4388341554903330
Transform:
  m_ObjectHideFlags: 1
  m_PrefabParentObject: {fileID: 0}
  m_PrefabInternal: {fileID: 100100000}
  m_GameObject: {fileID: 1957226493764272}
  m_LocalRotation: {x: 0, y: 0, z: 0, w: 1}
  m_LocalPosition: {x: 0, y: 0.575, z: 0}
  m_LocalScale: {x: 1, y: 0.15, z: 1}
  m_Children: []
  m_Father: {fileID: 0}
  m_RootOrder: 0
  m_LocalEulerAnglesHint: {x: 0, y: 0, z: 0}
--- !u!23 &23699183258910078
MeshRenderer:
  m_ObjectHideFlags: 1
  m_PrefabParentObject: {fileID: 0}
  m_PrefabInternal: {fileID: 100100000}
  m_GameObject: {fileID: 1957226493764272}
  m_Enabled: 1
  m_CastShadows: 1
  m_ReceiveShadows: 1
  m_DynamicOccludee: 1
  m_MotionVectors: 1
  m_LightProbeUsage: 1
  m_ReflectionProbeUsage: 1
  m_RenderingLayerMask: 4294967295
  m_Materials:
  - {fileID: 10303, guid: 0000000000000000f000000000000000, type: 0}
  m_StaticBatchInfo:
    firstSubMesh: 0
    subMeshCount: 0
  m_StaticBatchRoot: {fileID: 0}
  m_ProbeAnchor: {fileID: 0}
  m_LightProbeVolumeOverride: {fileID: 0}
  m_ScaleInLightmap: 1
  m_PreserveUVs: 0
  m_IgnoreNormalsForChartDetection: 0
  m_ImportantGI: 0
  m_StitchLightmapSeams: 0
  m_SelectedEditorRenderState: 3
  m_MinimumChartSize: 4
  m_AutoUVMaxDistance: 0.5
  m_AutoUVMaxAngle: 89
  m_LightmapParameters: {fileID: 0}
  m_SortingLayerID: 0
  m_SortingLayer: 0
  m_SortingOrder: 0
--- !u!33 &33711978603503036
MeshFilter:
  m_ObjectHideFlags: 1
  m_PrefabParentObject: {fileID: 0}
  m_PrefabInternal: {fileID: 100100000}
  m_GameObject: {fileID: 1957226493764272}
  m_Mesh: {fileID: 10202, guid: 0000000000000000e000000000000000, type: 0}
--- !u!114 &114419196732765440
MonoBehaviour:
  m_ObjectHideFlags: 1
  m_PrefabParentObject: {fileID: 0}
  m_PrefabInternal: {fileID: 100100000}
  m_GameObject: {fileID: 1957226493764272}
  m_Enabled: 1
  m_EditorHideFlags: 0
  m_Script: {fileID: 11500000, guid: 6e21fe83587632c4aa1e339f69660df3, type: 3}
  m_Name: 
  m_EditorClassIdentifier: 
  gradient:
    serializedVersion: 2
    key0: {r: 0.15566039, g: 0.5167277, b: 1, a: 1}
    key1: {r: 0.30836087, g: 0.2117647, b: 0.8862745, a: 1}
    key2: {r: 0.79589677, g: 0.2117647, b: 0.8862745, a: 1}
    key3: {r: 0.8862745, g: 0.2117647, b: 0.5625535, a: 0}
    key4: {r: 0.8862745, g: 0.39386797, b: 0.2117647, a: 0}
    key5: {r: 0.8862745, g: 0.6570614, b: 0.2117647, a: 0}
    key6: {r: 0.7801072, g: 0.8862745, b: 0.2117647, a: 0}
    key7: {r: 0.62085515, g: 0.8867924, b: 0.21333212, a: 0}
    ctime0: 6168
    ctime1: 14456
    ctime2: 20624
    ctime3: 26600
    ctime4: 35466
    ctime5: 45489
    ctime6: 55898
    ctime7: 65535
    atime0: 0
    atime1: 65535
    atime2: 65535
    atime3: 0
    atime4: 0
    atime5: 0
    atime6: 0
    atime7: 0
    m_Mode: 1
    m_NumColorKeys: 8
    m_NumAlphaKeys: 2
  moveSpeed: 1
  destroyLeftoverTime: 0.5
